@PHDTHESIS{Nakathese,
  title = {Development of Beam-position Monitors with High Position Resolution},
  author = {T. Nakamura},
  year = {2008},
  school = {Department of Physics, Graduate School of Science, The University of Tokyo},
  type = {Master Thesis},
  topics = {Cavity BPM Resolution}
}

@techreport{Brau:19839,
      author       = "Brau, James and Okada, Yasuhiro and Walker, Nicholas",
      title        = "ILC Reference Design Report Volume 1 - Executive Summary",
      number       = "arXiv:0712.1950",
      month        = "Dec",
      year         = "2007",
      note         = "Comments: A version with high resolution pictures can be
                      found at http://www.linearcollider.org/cms/?pid=1000437 The
                      full authorlist is inside the report",
}

@PHDTHESIS{Alabau,
  title = {Optics Studies and Performance Optimization for a Future Linear Collider: Final Focus System for the e-e- Option (ILC) and Damping Ring Extraction Line (ATF)},
  author = {Maria del Carmen Alabau Pons},
  year = {2010},
  school = {Departamento de Fisica Atomica, Molecular I Nuclear, Universitat de Valencia},
  type = {PHD Thesis},
  topics = {ATF}
}

@article{PhysRevSTAB.15.042801,
  title = {Cavity beam position monitor system for the Accelerator Test Facility 2},
  author = {Kim, Y. I. and Ainsworth, R. and Aryshev, A. and Boogert, S. T. and Boorman, G. and Frisch, J. and Heo, A. and Honda, Y. and Hwang, W. H. and Huang, J. Y. and Kim, E-S. and Kim, S. H. and Lyapin, A. and Naito, T. and May, J. and McCormick, D. and Mellor, R. E. and Molloy, S. and Nelson, J. and Park, S. J. and Park, Y. J. and Ross, M. and Shin, S. and Swinson, C. and Smith, T. and Terunuma, N. and Tauchi, T. and Urakawa, J. and White, G. R.},
  journal = {Phys. Rev. ST Accel. Beams},
  volume = {15},
  issue = {4},
  pages = {042801},
  numpages = {16},
  year = {2012},
  month = {Apr},
  publisher = {American Physical Society},
  doi = {10.1103/PhysRevSTAB.15.042801},
  url = {http://link.aps.org/doi/10.1103/PhysRevSTAB.15.042801}
}

@article{Kubo:2001ps,
      author         = "Kubo, K. and others",
      title          = "{Extremely low vertical emittance beam in accelerator
                        test facility at KEK}",
      collaboration  = "ATF Collaboration",
      journal        = "Phys.Rev.Lett.",
      volume         = "88",
      pages          = "194801",
      doi            = "10.1103/PhysRevLett.88.194801",
      year           = "2002",
      reportNumber   = "SLAC-REPRINT-2001-020, KEK-PREPRINT-2001-126",
      SLACcitation   = "%%CITATION = PRLTA,88,194801;%%",
}

@article{Oide,
  title = {Synchrotron-Radiation Limit on the Focusing of Electron Beams},
  author = {Oide, Katsunobu},
  journal = {Phys. Rev. Lett.},
  volume = {61},
  issue = {15},
  pages = {1713--1715},
  numpages = {0},
  year = {1988},
  month = {Oct},
  publisher = {American Physical Society},
  doi = {10.1103/PhysRevLett.61.1713},
  url = {http://link.aps.org/doi/10.1103/PhysRevLett.61.1713}
}

@article{Sands,
      author         = "Sands, M.",
      title          = "{EMITTANCE GROWTH FROM RADIATION FLUCTUATIONS}",
      year           = "1985",
      reportNumber   = "SLAC/AP-047, SLAC/AP-47",
      journal	     = "SLAC Pubs and Reports",
      SLACcitation   = "%%CITATION = SLAC/AP-047 ETC.;%%",
}

@misc{Maxima,
  title = {Maxima},
  note = {http://maxima.sourceforge.net/ Link consulted 2013.02.19}
}

@misc{Wolfram,
  title = {Mathematica},
  note = {http://www.wolframalpha.com/ Link consulted 2013.02.19}
}

@article{Mapclassorig,
  title = {Nonlinear optimization of beam lines},
  author = {Tom\'as, R.},
  journal = {Phys. Rev. ST Accel. Beams},
  volume = {9},
  issue = {8},
  pages = {081001},
  numpages = {5},
  year = {2006},
  month = {Aug},
  publisher = {American Physical Society},
  doi = {10.1103/PhysRevSTAB.9.081001},
  url = {http://link.aps.org/doi/10.1103/PhysRevSTAB.9.081001}
}

@techreport{Mapclass,
      author        = "Tom\'as, R",
      title         = "{MAPCLASS: a code to optimize high order aberrations}",
      institution   = "CERN",
      number        = "AB-Note-2006-017. CERN-AB-Note-2006-017",
      month         = "Jan",
      year          = "2007",
}

@article{Mapclass2,
      author        = {Martinez, D and Rosam, A and Tomas, R and De Maria, R},
      title         = {{MAPCLASS2: a code to aid the optimisation of lattice
                       design}},
      month         = {11},
      journal       = {CERN Note},
      year          = {2012},
}

@misc{githubMapClass2,
  title = {MapClass2},
  note = {https://github.com/pylhc/MapClass2 Link consulted 2014.01.13}
}

@techreport{CLICdes,
      author        = "Aicheler, M and Burrows, P and Draper, M and Garvey, T and
                       Lebrun, P and Peach, K and Phinney, N and Schmickler, H and
                       Schulte, D and Toge, N",
      title         = "{A Multi-TeV Linear Collider Based on CLIC Technology:
                       CLIC Conceptual Design Report}",
      address       = "Geneva",
      institution   = "CERN",
      number        = "CERN-2012-007. SLAC-R-985. KEK-Report-2012-1. PSI-12-01.
                       JAI-2012-001",
      year          = "2012",
}

@article{TomasCLIC,
  title = {Overview of the Compact Linear Collider},
  author = {Tom\'as, R.},
  journal = {Phys. Rev. ST Accel. Beams},
  volume = {13},
  issue = {1},
  pages = {014801},
  numpages = {8},
  year = {2010},
  month = {Jan},
  publisher = {American Physical Society},
  doi = {10.1103/PhysRevSTAB.13.014801},
  url = {http://link.aps.org/doi/10.1103/PhysRevSTAB.13.014801}
}

@techreport{ILCdes,
      author        = "Adolphsen, Chris and Barone, Maura and Barish, Barry and
                       Buesser, Karsten and Burrows, Philip and Carwardine, John
                       and Clark, Jeffrey and Durand, H\'el\'ene Mainaud and Dugan,
                       Gerry and Elsen, Eckhard and Enomoto, Atsushi and Foster,
                       Brian and Fukuda, Shigeki and Gai, Wei and Gastal, Martin
                       and Geng, Rongli and Ginsburg, Camille and Guiducci,
                       Susanna and Harrison, Mike and Hayano, Hitoshi and Kershaw,
                       Keith and Kubo, Kiyoshi and Kuchler, Victor and List, Benno
                       and Liu, Wanming and Michizono, Shinichiro and Nantista,
                       Christopher and Osborne, John and Palmer, Mark and
                       Paterson, James McEwan and Peterson, Thomas and Phinney,
                       Nan and Pierini, Paolo and Ross, Marc and Rubin, David and
                       Seryi, Andrei and Sheppard, John and Solyak, Nikolay and
                       Stapnes, Steinar and Tauchi, Toshiaki and Toge, Nobu and
                       Walker, Nicholas and Yamamoto, Akira and Yokoya, Kaoru",
      editor        = "Adolphsen, Chris",
      title         = "{The International Linear Collider Technical Design Report
                       - Volume 3.I: Accelerator R\&D in the Technical Design
                       Phase}",
      institution   = "KEK",
      address       = "Geneva",
      number        = "arXiv:1306.6353. ANL-HEP-TR-13-20. BNL-100603-2013-IR.
                       IRFU-13-59. CERN-ATS-2013-037. Cockcroft-13-10.
                       CLNS-13-2085. DESY-13-062. FERMILAB-TM-2554.
                       IHEP-AC-ILC-2013-001. ILC-REPORT-2013-040. INFN-13-04-LNF.
                       JAI-2013-001. JINR-E9-2013-35. JLAB-R-2013-01.
                       KEK-Report-2013-1. KNU-CHEP-ILC-2013-1. LLNL-TR-635539.
                       SLAC-R-1004. ILC-HiGrade-Report-2013-003",
      month         = "Jun",
      year          = "2013",
      note          = "Comments: See also http://www.linearcollider.org/ILC/TDR .
                       The full list of signatories is inside the Report",
}

@article{Sands2,
      author         = "Sands, M.",
      title          = "{The Physics of Electron Storage Rings: An Introduction}",
      year           = "1970",
      reportNumber   = "SLAC-R-121",
      journal	     = "SLAC Pubs and Reports",
      SLACcitation   = "%%CITATION = SLAC-121 ETC.;%%",
}

@misc{Placet,
  title = {PLACET},
  note  = {https://savannah.cern.ch/projects/placet/ Link consulted 2013.04.17}
}

@article{Schulte:382453,
      author        = "Schulte, Daniel",
      title         = "{Beam-Beam Simulations with GUINEA-PIG}",
      month         = "Mar",
      year          = "1999",
      reportNumber  = "CERN-PS-99-014-LP",
      url           = "https://cds.cern.ch/record/382453",
}

@misc{MADX,
  title = "{MAD-X}",
  note  = {http://mad.web.cern.ch/mad/ Link consulted 2015.04.22}
}

@phdthesis{GarciaMorales:1982827,
      author        = "Garcia Morales, Hector and Tomas Garcia, Rogelio and
                       Kubyshin, Yuri",
      title         = "{Comparative study of Final Focus Systems for CLIC and
                       other luminosity ehancement studies for future linear
                       colliders}",
      school        = "Barcelona, Polytechnic U.",
      year          = "2014",
      note          = "Presented 16 Jan 2015",
}

@phdthesis{Yves,
      author        = "Yves Renier",
      title         = "{Implementation and validation of the linear collider final focus prototype : ATF2 at KEK (Japan)}",
      school        = "Universite Paris XI Orsay",
      year          = "2010",
}


@article{PhysRevLett.92.054802,
  title = {Achievement of Ultralow Emittance Beam in the Accelerator Test Facility Damping Ring},
  author = {Honda, Y. and Kubo, K. and Anderson, S. and Araki, S. and Bane, K. and Brachmann, A. and Frisch, J. and Fukuda, M. and Hasegawa, K. and Hayano, H. and Hendrickson, L. and Higashi, Y. and Higo, T. and Hirano, K. and Hirose, T. and Iida, K. and Imai, T. and Inoue, Y. and Karataev, P. and Kuriki, M. and Kuroda, R. and Kuroda, S. and Luo, X. and McCormick, D. and Matsuda, M. and Muto, T. and Nakajima, K. and Naito, Takashi and Nelson, J. and Nomura, M. and Ohashi, A. and Omori, T. and Okugi, T. and Ross, M. and Sakai, H. and Sakai, I. and Sasao, N. and Smith, S. and Suzuki, Toshikazu and Takano, M. and Taniguchi, T. and Terunuma, N. and Turner, J. and Toge, N. and Urakawa, J. and Vogel, V. and Woodley, M. and Wolski, A. and Yamazaki, I. and Yamazaki, Yoshio and Yocky, G. and Young, A. and Zimmermann, F.},
  journal = {Phys. Rev. Lett.},
  volume = {92},
  issue = {5},
  pages = {054802},
  numpages = {5},
  year = {2004},
  month = {Feb},
  publisher = {American Physical Society},
  doi = {10.1103/PhysRevLett.92.054802},
  url = {http://link.aps.org/doi/10.1103/PhysRevLett.92.054802}
}

@article{ATF2prop,
      author         = "{ATF2 Collaboration}",
      title          = "{ATF2 Proposal}",
      collaboration  = "ATF Collaboration",
      journal        = "{SLAC}",
      volume         = "SLAC-R-771",
      year           = "2005",
      reportNumber   = "SLAC-R-771",
}

@article{Woodley:453645,
      author        = "Woodley, M D and Emma, P E",
      title         = "{Measurement and Correction of Cross-Plane Coupling in
                       Transport Lines}",
      number        = "physics/0008194. SLAC-PUB-8581",
      pages         = "3 p",
      month         = "Aug",
      year          = "2000",
      reportNumber  = "physics/0008194",
      url           = "https://cds.cern.ch/record/453645",
}

@techreport{grishanov:in2p3-00309474,
  TITLE = {{ATF2 Proposal. Vol. 2}},
  AUTHOR = {Grishanov, B.I. and Logachev, P. and Podgorny, F. and Telnov, V. and Angal-Kalinin, D. and Appleby, R. and Jones, J. and Kalinin, A. and Napoly, O. and Payet, J. and Braun, H.-H. and Schulte, D. and Zimmermann, F. and Barlow, R. and Bailey, I. and Jenner, L. and Jones, R. and Kourevlev, G. and Walker, N. and Takahashi, T. and Gao, J. and Liu, W. and Pei, G. and Wang, J.-Q. and Delerue, N. and Dixit, S. and Howell, D. and Reichold, A. and Urner, D. and Bosco, A. and Agapov, I. and A. Blair, G. and Boorman, G. and Carter, J. and Driouichi, C. and Price, M. and Araki, S. and Hayano, H. and Higashi, Y. and Honda, Y. and Kanazawa, K. and Kubo, K. and Kume, T. and Kuriki, M. and Kuroda, S. and Masuzawa, M. and Naito, T. and Okugi, T. and Sugahara, R. and Tauchi, T. and Terunuma, N. and Toge, N. and Vogel, V. and Yamaoka, H. and Yokoya, K. and Iwashita, Y. and Mihara, T. and Bambade, P. and Wolski, A. and Gronberg, J. and Takashi Boogert, S. and Liapine, A. and Malton, S. and J. Miller, D. and Wing, M. 
and Kumada, M. and Danagoulian, S. and Mtingwa, S. and Torrence, E. and Choi, J. and Huang, J.-Y. and Sik Kang, H. and Kim, E.-S. and Kim, S. and S. Ko, I. and Burrows, P. and Christian, G. and Clarke, C. and Hartin, A. and D. Khah, H. and Molloy, S. and White, G. and Bane, K. and Brachmann, A. and Himel, T. and Markiewicz, T. and Nelson, J. and Nosochkov, Y. and Phinney, N. and Torino F. Pivi, M. and Raubenheimer, T. and Ross, M. and Ruland, R. and Seryi, A. and M. Spencer, C. and Tenenbaum, P. and Woodley, M. and Komamiya, S. and Sanuki, T. and Suehara, T. and Elsen, E. and Solyak, N. and Wendt, M. and Alabau-Pons, M. and Dadoun, O. and Bolzon, B. and Geffroy, N. and Jeremie, A. and Karyotakis, Y.},
  URL = {http://hal.in2p3.fr/in2p3-00309474},
  NOTE = {ATF2 Group},
  PAGES = {1-43},
  YEAR = {2006},
  HAL_ID = {in2p3-00309474},
  HAL_VERSION = {v1},
}

@proceedings{Kubo50nm,
 title = "{TOWARDS INTERNATIONAL LINEAR COLLIDER:
EXPERIMENTS AT ATF2}",
 year = "{2014}",
 publisher = "{Proceedings of IPAC2014}",
 key = "{WEZA01}",
}

@proceedings{Bambade2013,
 title = "{IN VACUUM HIGH ACCURACY MECHANICAL POSITIONING SYSTEM OF NANO RESOLUTION BEAM POSITION MONITOR AT THE INTERACTION POINT OF ATF2}",
 year = "{2013}",
 publisher = "{Proceedings of IPAC2013}",
 key = "{TUOCB203}",
}

@misc{KuboCLICws2015,
  author = {Kubo, K.},
  title = "{ATF2 progress report}",
  howpublished = "{CLIC Workshop 2015}",
  month = {1},
  year = {2015},
}

@misc{Neven2014,
  author = {Blaskovic, N.},
  title = "{Position to angle sensitivity}",
  howpublished = "{ATF IP BPM Meeting}",
  month = {1},
  year = {2015},
}

@misc{CALab,
  title = {Ca lab (labview + epics)},
  note  = {http://www-csr.bessy.de/control/SoftDist/CA\_Lab. Link consulted 2014.11.06.}
}

@misc{PlassardLstar,
  author = "{PLASSARD, F. and others}",
  title = "{Long L* FFS options for ILC and CLIC}",
  howpublished = "{CLIC Workshop 2015}",
  month = "{1}",
  year = "{2015}",
}

@misc{PlassardLstarATF2,
 author = "{PLASSARD, F. and others}",
 title = "{CLIC plans to increase L* and possible studies in ATF2}",
 howpublished = "{18th ATF2 Project Meeting}",
 month = "{2}",
 year = "{2015}",
}

@article{Shintake1992453,
  title="{Proposal of a nanometer beam size monitor for e+e- linear colliders}",
  journal="{Nuclear Instruments and Methods in Physics Research Section A: Accelerators, Spectrometers, Detectors and Associated Equipment}",
  volume="{311}",
  number="{3}",
  pages = "453-464",
  year = "1992",
  issn = "0168-9002",
  doi = "http://dx.doi.org/10.1016/0168-9002(92)90641-G",
  url = {http://www.sciencedirect.com/science/article/pii/016890029290641G},
  author = "Tsumoru Shintake",

}

@PHDTHESIS{Jackelinethese,
  title = {Precise Measurement of nanometer scale electron beam size using laser interference by Shintake Monitor},
  author = {J. Yan},
  year = {2014},
  school = {Komamiya Laboratory, Graduate School of Science, The University of Tokyo},
  type = {Ph.D. Thesis},
  topics = {IPBSM}
}

@article{PhysRevSTAB.17.023501,
  title = {Linear and second order optics corrections for the KEK Accelerator Test Facility final focus beam line},
  author = {Okugi, T. and Araki, S. and Bambade, P. and Kubo, K. and Kurado, S. and Masuzawa, M. and Marin, E. and Naito, T. and Tauchi, T. and Terunuma, N. and Tomas, R. and Urakawa, J. and White, G. and Woodley, M.},
  journal = {Phys. Rev. ST Accel. Beams},
  volume = {17},
  issue = {2},
  pages = {023501},
  numpages = {11},
  year = {2014},
  month = {Feb},
  publisher = {American Physical Society},
  doi = {10.1103/PhysRevSTAB.17.023501},
  url = {http://link.aps.org/doi/10.1103/PhysRevSTAB.17.023501}
}

@misc{PateckiLowBeta,
  author = "{PATECKI, M. and others.}",
  title = "{Ultra-low beta study}",
  howpublished = "{CLIC Workshop 2015}",
  month = "1",
  year = "2015",
}

@misc{PateckiJitter,
  author = "{PATECKI, M. and others.}",
  title = "{ATF2 December run ground motion study}",
  howpublished = "{CLIC Workshop 2015}",
  month = "1",
  year = "2015",
}

@proceedings{BurrowsIntraTrain,
 title = "{Design and Performance of Intra-Train Feedback Systems at ATF2}",
 year = "{1999}",
 publisher = "{Proceedings of PAC99}",
 key = "{TH6REP075}",
}

@misc{BurrowsIntraTrain2,
 title = "{Latest Beam Test Results from ATF2 with the FONT ILC Prototype Intra-train Beam Feedback Systems}",
 year = "{2010}",
 publisher = "{European Coordination for Accelerator Research and Development}",
 url = {http://cdsweb.cern.ch/record/1269662},
}

@proceedings{BurrowsIntraTrain3,
 title = "{Study of Transverse Pulse-to-Pulse Orbit Jitter at the KEK Accelerator Test Facility 2 (ATF2)}",
 year = "{2012}",
 publisher = "{Proceedings of IPAC2012}",
 key = "{MOPPR066}",
}

@article{Brown:1987,
      author         = "Brown, K. L.",
      title          = "{A Conceptual Design of Final Focus Systems for Linear Colliders}",
      collaboration  = "SLAC",
      journal        = "SLAC",
      year           = "1987",
      reportNumber   = "SLAC-PUB-4159",
}

@article{Brown:1988,
      author         = "Brown, K. L.",
      title          = "{Basic Optics of the SLC Final Focus System}",
      collaboration  = "SLAC",
      journal        = "SLAC",
      year           = "1988",
      reportNumber   = "SLAC-PUB-4811",
}

@article{Raimondi:2000,
      author         = "Raimondi P. and Seryi A.",
      title          = "{A Novel Final Focus Design for Future Linear Colliders.}",
      collaboration  = "SLAC",
      journal        = "SLAC",
      year           = "2000",
      reportNumber   = "SLAC-PUB-8460",
}

@article{PhysRevSTAB.17.101001,
  title = {Final-focus systems for multi-TeV linear colliders},
  author = {Morales, Hector Garcia and Tomas Garcia, Rogelio},
  journal = {Phys. Rev. ST Accel. Beams},
  volume = {17},
  issue = {10},
  pages = {101001},
  numpages = {5},
  year = {2014},
  month = {Oct},
  publisher = {American Physical Society},
  doi = {10.1103/PhysRevSTAB.17.101001},
  url = {http://link.aps.org/doi/10.1103/PhysRevSTAB.17.101001},
}

@article{PhysRevSTAB.8.104002,
  title = {General conditions for self-cancellation of geometric aberrations in a lattice structure},
  author = {Xu, G.},
  journal = {Phys. Rev. ST Accel. Beams},
  volume = {8},
  issue = {10},
  pages = {104002},
  numpages = {5},
  year = {2005},
  month = {Oct},
  publisher = {American Physical Society},
  doi = {10.1103/PhysRevSTAB.8.104002},
  url = {http://link.aps.org/doi/10.1103/PhysRevSTAB.8.104002}
}

@proceedings{Seryi-Raimondi2,
 author         = "Raimondi P. and Seryi A.",
 title          = "{A Recipe for Linear Collider Final Focus System Design.}",
 year = "{2003}",
 publisher = "{Proceedings of PAC2003}",
 key = "{RPAB018}",
}

@article{Delahaye1999369,
  title = {Scaling Laws for e+/e- linear colliders},
  author = {Delahaye, J.P. and Guignard, G. and Raubenheimer, T and Wilson, I.},
  journal = {Nuclear Instrumentation and Methods in Physics Research Section A: Accelerators, Spectrometers, Detectors and Associated Equipment},
  volume = {421},
  issue = {3},
  pages = {369-405},
  numpages = {36},
  year = {1999},
  month = {Feb},
}

@article{Berndt:1991ug,
      author         = "Berndt, M. and Bressler, V. and Brown, K. and Bulos, F.
                        and Bunnel, K. and others",
      title          = "{Final focus test beam: Project design report}",
      year           = "1991",
      reportNumber   = "SLAC-0376, SLAC-376, SLAC-R-0376, SLAC-R-376",
      SLACcitation   = "%%CITATION = SLAC-0376 ETC.;%%",
}

@article{Araki1,
      author         = "Araki, S.  and others",
      title          = "{Proposal of the Next Incarnation of Accelerator Test Facility at KEK for the International Linear Collider}",
      year           = "2005",
      reportNumber   = "SLAC-PUB-11202",
      SLACcitation   = "%%CITATION = SLAC-PUB-11202;%%",
}

@article{PhysRevSTAB.11.062801,
  title = {Development of a high-resolution cavity-beam position monitor},
  author = {Inoue, Yoichi and Hayano, Hitoshi and Honda, Yosuke and Takatomi, Toshikazu and Tauchi, Toshiaki and Urakawa, Junji and Komamiya, Sachio and Nakamura, Tomoya and Sanuki, Tomoyuki and Kim, Eun-San and Shin, Seung-Hwan and Vogel, Vladimir},
  journal = {Phys. Rev. ST Accel. Beams},
  volume = {11},
  issue = {6},
  pages = {062801},
  numpages = {13},
  year = {2008},
  month = {Jun},
  publisher = {American Physical Society},
  doi = {10.1103/PhysRevSTAB.11.062801},
  url = {http://link.aps.org/doi/10.1103/PhysRevSTAB.11.062801}
}

@article{Shintake:1998fga,
      author         = "Shintake, T. and  and ",
      title          = "{Development Of Nanometer Resolution Rf-Bpms}",
      pages          = "341-345",
      year           = "1998",
      SLACcitation   = "%%CITATION = INSPIRE-920873;%%",
}

@MastersThesis{Nakamura:2008,
    author     =     {Nakamura, T.},
    title     =     {Development of Beam-position Monitors with High Position Resolution},
    school     =     {Departement of Physics, Graduate School of Science, The University of Tokyo},
    address     =     {Tokyo, Japan},
    year     =     {2008},
    }

@proceedings{Siwon2014,
 title = "{The High Position Resolution Cavity BPMs Developments and Measurements for ILC Final Focus System}",
 year = "{2014}",
 publisher = "{Proceedings of IPAC2014}",
 key = "{THPME147}",
}
    
@misc{FONTfb:2015,
author ={Burrows, P. and FONT},
title = "{Bunch-bunch feedback and IP beam stabilization}",
howpublished = "{18th ATF2 Project Meeting}",
url = {https://agenda.linearcollider.org/event/6604/#20150224},
month ={02},
year = {2015},
}

@article{PhysRevSTAB.16.041001,
  title = {Luminosity studies in a traveling waist regime in the Compact Linear Collider},
  author = {Barranco Garcia, Javier and Marin Lacoma, Eduardo and Tomas Garcia, Rogelio},
  journal = {Phys. Rev. ST Accel. Beams},
  volume = {16},
  issue = {4},
  pages = {041001},
  numpages = {5},
  year = {2013},
  month = {Apr},
  publisher = {American Physical Society},
  doi = {10.1103/PhysRevSTAB.16.041001},
  url = {http://link.aps.org/doi/10.1103/PhysRevSTAB.16.041001}
}

@Article{Hayano:2000xf,
     author    = "Hayano, H.",
     title     = "{Wire scanners for small emittance beam measurement in
                  ATF}",
     year      = "2000",
     eprint    = "physics/0008084",
     archivePrefix = "arXiv",
     SLACcitation  = "%%CITATION = PHYSICS/0008084;%%"
}

@article{Bambade:1989pb,
      author         = "Bambade, P. and Erickson, R. and Koska, Wayne A. and
                        Kozanecki, W. and Phinney, N. and others",
      title          = "{Observation of Beam-beam Deflections at the Interaction
                        Point of the {SLAC} Linear Collider}",
      journal        = "Phys.Rev.Lett.",
      volume         = "62",
      pages          = "2949",
      doi            = "10.1103/PhysRevLett.62.2949",
      year           = "1989",
      reportNumber   = "SLAC-PUB-4767-REV, UM-HE-89-2-REV, COLO-HEP-186-REV,
                        SLAC-PUB-4767",
      SLACcitation   = "%%CITATION = PRLTA,62,2949;%%",
}

@Article{Shintake:1995sg,
     author    = "Shintake, T. and others",
     title     = "{Experiments of nanometer spot size monitor at FFTB using
                  laser interferometry}",
     note      = "Contributed paper at 1995 Particle Accelerator Conference
                  and International Conference on High-Energy Accelerators,
                  May 1 - 5, 1995,  Dallas, Texas, U.S.A.",
     SLACcitation  = "%%CITATION = CONFP,C950501,2444;%%"
}

@book{Minty:629879,
      author        = "Minty, Michiko G and Zimmermann, Frank",
      title         = "{Measurement and control of charged particle beams}",
      publisher     = "Springer",
      address       = "Berlin",
      series        = "Particle acceleration and detection",
      year          = "2003",
      url           = "https://cds.cern.ch/record/629879",
}

@article{Assmann:549223,
      author        = "Assmann, R W and Lamont, M and Myers, S",
      title         = "{A Brief History of the LEP Collider}",
      journal       = "Nucl. Phys. B, Proc. Suppl.",
      number        = "CERN-SL-2002-009-OP",
      volume        = "109",
      pages         = "17-31. 15 p",
      month         = "Apr",
      year          = "2002",
      reportNumber  = "CERN-SL-2002-009-OP",
      url           = "http://cds.cern.ch/record/549223",
}

@article{TheCMSCollaboration21122012,
author = {The CMS Collaboration}, 
title = {A New Boson with a Mass of 125 GeV Observed with the CMS Experiment at the Large Hadron Collider},
volume = {338}, 
number = {6114}, 
pages = {1569-1575}, 
year = {2012}, 
doi = {10.1126/science.1230816}, 
abstract ={The Higgs boson was postulated nearly five decades ago within the framework of the standard model of particle physics and has been the subject of numerous searches at accelerators around the world. Its discovery would verify the existence of a complex scalar field thought to give mass to three of the carriers of the electroweak force—the W+, W–, and Z0 bosons—as well as to the fundamental quarks and leptons. The CMS Collaboration has observed, with a statistical significance of five standard deviations, a new particle produced in proton-proton collisions at the Large Hadron Collider at CERN. The evidence is strongest in the diphoton and four-lepton (electrons and/or muons) final states, which provide the best mass resolution in the CMS detector. The probability of the observed signal being due to a random fluctuation of the background is about 1 in 3 × 106. The new particle is a boson with spin not equal to 1 and has a mass of about 125 giga–electron volts. Although its measured properties are, within the uncertainties of the present data, consistent with those expected of the Higgs boson, more data are needed to elucidate the precise nature of the new particle.}, 
URL = {http://www.sciencemag.org/content/338/6114/1569.abstract}, 
eprint = {http://www.sciencemag.org/content/338/6114/1569.full.pdf}, 
journal = {Science} 
}

@article{TheATLASCollaboration21122012,
author = {The ATLAS Collaboration}, 
title = {A Particle Consistent with the Higgs Boson Observed with the ATLAS Detector at the Large Hadron Collider},
volume = {338}, 
number = {6114}, 
pages = {1576-1582}, 
year = {2012}, 
doi = {10.1126/science.1232005}, 
abstract ={Nearly 50 years ago, theoretical physicists proposed that a field permeates the universe and gives energy to the vacuum. This field was required to explain why some, but not all, fundamental particles have mass. Numerous precision measurements during recent decades have provided indirect support for the existence of this field, but one crucial prediction of this theory has remained unconfirmed despite 30 years of experimental searches: the existence of a massive particle, the standard model Higgs boson. The ATLAS experiment at the Large Hadron Collider at CERN has now observed the production of a new particle with a mass of 126 giga–electron volts and decay signatures consistent with those expected for the Higgs particle. This result is strong support for the standard model of particle physics, including the presence of this vacuum field. The existence and properties of the newly discovered particle may also have consequences beyond the standard model itself.}, 
URL = {http://www.sciencemag.org/content/338/6114/1576.abstract}, 
eprint = {http://www.sciencemag.org/content/338/6114/1576.full.pdf}, 
journal = {Science} 
}

@proceedings{CAS9104,
 title = "{CAS-CERN Accelerator School: 4th General accelerator physics course. Julich, FR Germany}",
 year = "{1990}",
 publisher = "{Proceedings of CAS 91-04}",
 key = "{CERN91-04}",
}

@article{Kraml:2012er,
      author         = "Kraml, S.",
      title          = "{SUSY status after one year of LHC}",
      year           = "2012",
      eprint         = "1206.6618",
      archivePrefix  = "arXiv",
      primaryClass   = "hep-ph",
      SLACcitation   = "%%CITATION = ARXIV:1206.6618;%%",
}

@article{Feldman88,
      author         = "Feldman, G.",
      title          = "{Prospects for Physics at e+e- Linear Colliders}",
      year           = "1988",
      eprint         = "SLAC-PUB-4563",
      primaryClass   = "slac",
      SLACcitation   = "%%CITATION = SLAC-PUB-4563:;%%",
}

@article{SLC91,
      author         = "Seeman, J.",
      title          = "{The Stanford Linear Collider}",
      year           = "1991",
      eprint         = "SLAC-PUB-5607",
      archivePrefix  = "SLAC-PUB-5607",
      primaryClass   = "SLAC",
}

@article{Ellis:2008gj,
      author         = "Ellis, John",
      title          = "{The Physics Prospects for CLIC}",
      journal        = "Balk.Phys.Lett.",
      volume         = "17",
      pages          = "17037",
      year           = "2009",
      eprint         = "0811.1366",
      archivePrefix  = "arXiv",
      primaryClass   = "hep-ph",
      reportNumber   = "CERN-PH-TH-2008-216",
      SLACcitation   = "%%CITATION = ARXIV:0811.1366;%%",
}

@article{Accomando:2004sz,
      author         = "Accomando, E. and others",
      title          = "{Physics at the CLIC multi-TeV linear collider}",
      collaboration  = "CLIC Physics Working Group",
      year           = "2004",
      eprint         = "hep-ph/0412251",
      archivePrefix  = "arXiv",
      primaryClass   = "hep-ph",
      reportNumber   = "CERN-2004-005",
      SLACcitation   = "%%CITATION = HEP-PH/0412251;%%",
}

@article{Assmann:2000hg,
      author         = "Assmann, R.W. and Becker, F. and Bossart, R. and
                        Burkhardt, H. and Braun, Hans-Heinrich and others",
      title          = "{A 3-TeV e+ e- linear collider based on CLIC technology}",
      year           = "2000",
      reportNumber   = "CERN-2000-008, SLAC-REPRINT-2000-096",
      SLACcitation   = "%%CITATION = CERN-2000-008 ETC.;%%",
}

@article{PhysRevD.54.1,
  title = {Review of Particle Physics},
  author = {Barnett, R. M. and Carone, C. D. and Groom, D. E. and Trippe, T. G. and Wohl, C. G. and Armstrong, B. and Gee, P. S. and Wagman, G. S. and James, F. and Mangano, M. and M\"onig, K. and Montanet, L. and Feng, J. L. and Murayama, H. and Hern\'andez, J. J. and Manohar, A. and Aguilar-Benitez, M. and Caso, C. and Crawford, R. L. and Roos, M. and T\"ornqvist, N. A. and Hayes, K. G. and Hagiwara, K. and Nakamura, K. and Tanabashi, M. and Olive, K. and Honscheid, K. and Burchat, P. R. and Shrock, R. E. and Eidelman, S. and Schindler, R. H. and Gurtu, A. and Hikasa, K. and Conforto, G. and Workman, R. L. and Grab, C. and Amsler, C.},
  journal = {Phys. Rev. D},
  volume = {54},
  issue = {1},
  pages = {1--708},
  numpages = {0},
  year = {1996},
  month = {Jul},
  publisher = {American Physical Society},
  doi = {10.1103/PhysRevD.54.1},
  url = {http://link.aps.org/doi/10.1103/PhysRevD.54.1}
}

@misc{Colliderparam,
  title = {High Energy Collider Parameters},
  note = {http://pdg.lbl.gov/2010/reviews/rpp2010-rev-hep-collider-params.pdf Link consulted 2013.02.19}
}

@phdthesis{Schulte:331845,
      author        = "Schulte, Daniel",
      title         = "{Study of Electromagnetic and Hadronic Background in the
                       Interaction Region of the TESLA Collider}",
      school        = "Hamburg U.",
      address       = "Hamburg",
      year          = "1997",
      url           = "https://cds.cern.ch/record/331845",
      note          = "Presented on Apr 1997",
}

@article{Napoly:240071,
      author        = "Napoly, O",
      title         = "{The luminosity for beam distributions with error and
                       wakefield effects in linear colliders}",
      month         = "Aug",
      year          = "1992",
      url           = "https://cds.cern.ch/record/240071",
}

@book{chao,
author = {Chao W., Mess K., Tigner M. and Zimmermann F.},
title = {Handbook of Accelerator Physics and Engineering},
publisher = {World Scientific},
year = {2013},
edition = {Second edition},
}

@proceedings{Balakin,
 author = "{Balakin, V.E.}",
 title = "{Balakin, V.E.}",
 year = "{1991}",
 publisher = "{Third International Workshop on Linear Colliders (LC91), Protvino, USSR}",
}